<?xml version='1.0' encoding='UTF-8'?>
<record xmlns="http://www.loc.gov/MARC21/slim">
  <leader>01651cam a22003495  4500</leader>
  <controlfield tag="001">1973755</controlfield>
  <controlfield tag="003">NjP</controlfield>
  <controlfield tag="005">20170503171717.0</controlfield>
  <controlfield tag="008">991229m19639999ir            000 0 ara d</controlfield>
  <datafield tag="024" ind1="7" ind2=" ">
    <subfield code="a">princeton_aco001434</subfield>
    <subfield code="2">local</subfield>
  </datafield>
  <datafield ind1=" " ind2=" " tag="035">
    <subfield code="a">(OCoLC)ocn179622169</subfield>
  </datafield>
  <datafield ind1=" " ind2=" " tag="035">
    <subfield code="a">(OCoLC)ocm43110709</subfield>
  </datafield>
  <datafield ind1=" " ind2=" " tag="040">
    <subfield code="a">PUL</subfield>
    <subfield code="c">PUL</subfield>
    <subfield code="d">PUL</subfield>
  </datafield>
  <datafield ind1=" " ind2=" " tag="035">
    <subfield code="a">(OCoLC)179622169</subfield>
  </datafield>
  <datafield ind1=" " ind2=" " tag="035">
    <subfield code="9">CHF1815TS</subfield>
  </datafield>
  <datafield ind1=" " ind2=" " tag="035">
    <subfield code="a">(NjP)1973755</subfield>
  </datafield>
  <datafield ind1=" " ind2=" " tag="079">
    <subfield code="a">ocm43110709</subfield>
  </datafield>
  <datafield ind1=" " ind2=" " tag="049">
    <subfield code="a">PULL</subfield>
  </datafield>
  <datafield ind1="1" ind2=" " tag="100">
    <subfield code="6">880-01</subfield>
    <subfield code="a">Kulaynī, Muḥammad ibn Yaʻqūb,</subfield>
    <subfield code="d">-941?</subfield>
    <subfield code="0">http://id.loc.gov/authorities/names/n80158377</subfield>
  </datafield>
  <datafield ind1="1" ind2="3" tag="245">
    <subfield code="6">880-02</subfield>
    <subfield code="a">al-Kāfī, al-Uṣūl wa-al-Rawḍah ...</subfield>
    <subfield code="c">wa-sharḥ jāmiʻ lil-mawlā Muḥammad Ṣāliḥ al-Māzandarānī ... maʻa taʻlīq ... Abū al-Ḥasan al-Shaʻrānī ...</subfield>
  </datafield>
  <datafield ind1=" " ind2=" " tag="260">
    <subfield code="6">880-03</subfield>
    <subfield code="a">Tehran,</subfield>
    <subfield code="b">Maktabah al-Islāmī-yah</subfield>
    <subfield code="c">[1382]- [1963]-</subfield>
  </datafield>
  <datafield ind1=" " ind2=" " tag="300">
    <subfield code="a">v.</subfield>
    <subfield code="c">25 cm.</subfield>
  </datafield>
  <datafield ind1=" " ind2=" " tag="546">
    <subfield code="a">In Arabic.</subfield>
  </datafield>
  <datafield ind1=" " ind2=" " tag="500">
    <subfield code="6">880-04</subfield>
    <subfield code="a">Ed. by ʻAlī Akbar al-Ghaffārī.</subfield>
  </datafield>
  <datafield ind1="1" ind2=" " tag="700">
    <subfield code="6">880-05</subfield>
    <subfield code="a">Māzandarānī, Muḥammad Ṣāliḥ ibn Aḥmad,</subfield>
    <subfield code="d">d. 1675 or 6.</subfield>
    <subfield code="0">http://id.loc.gov/authorities/names/nr91031544</subfield>
  </datafield>
  <datafield ind1="1" ind2=" " tag="880">
    <subfield code="6">100-01/r</subfield>
    <subfield code="a">كليني، محمد بن يعقوب،</subfield>
    <subfield code="d">d. 941؟</subfield>
  </datafield>
  <datafield ind1="1" ind2="2" tag="880">
    <subfield code="6">245-02/r</subfield>
    <subfield code="a">الكافي، الاصول والروضة ...</subfield>
    <subfield code="c">وشرح جامع للمولا محمد صالح المازندراني ... مع تعليق ... ابو الحسن الشعراني ...</subfield>
  </datafield>
  <datafield ind1=" " ind2=" " tag="880">
    <subfield code="6">260-03/r</subfield>
    <subfield code="a">تهرن،</subfield>
    <subfield code="b">مكتبة الاسلاميية</subfield>
    <subfield code="c">[1382] [1963]</subfield>
  </datafield>
  <datafield ind1=" " ind2=" " tag="880">
    <subfield code="6">500-04/r</subfield>
    <subfield code="a">Ed. by علي اكبر الغفاري.</subfield>
  </datafield>
  <datafield ind1="1" ind2=" " tag="880">
    <subfield code="6">700-05/r</subfield>
    <subfield code="a">مازندراني، محمد صالح بن احمد،</subfield>
    <subfield code="d">d. 1675 or 6.</subfield>
  </datafield>
  <datafield ind1=" " ind2=" " tag="947">
    <subfield code="a">CHF1815</subfield>
  </datafield>
  <datafield ind1=" " ind2=" " tag="911">
    <subfield code="a">20000402</subfield>
  </datafield>
  <datafield ind1=" " ind2=" " tag="994">
    <subfield code="a">C0</subfield>
    <subfield code="b">PUL</subfield>
  </datafield>
  <datafield ind1=" " ind2=" " tag="999">
    <subfield code="a">1973755</subfield>
  </datafield>
  <datafield ind1="0" ind2="1" tag="852">
    <subfield code="0">2250597</subfield>
    <subfield code="b">nec</subfield>
    <subfield code="t">1</subfield>
    <subfield code="h">BP193.25</subfield>
    <subfield code="i">.K853 1963</subfield>
  </datafield>
  <datafield ind1=" " ind2="0" tag="866">
    <subfield code="0">2250597</subfield>
    <subfield code="a">Vol. 1-v. 12</subfield>
  </datafield>
  <datafield ind1=" " ind2=" " tag="959">
    <subfield code="a">2000-06-13 00:00:00 -0400</subfield>
  </datafield>
</record>
